<collection xmlns="http://www.loc.gov/MARC21/slim">
<record>
  <leader>01541nam0a22002531i 450 </leader>
  <controlfield tag="001">IT\ICCU\CNCE\042430</controlfield>
  <controlfield tag="005">20070316000000.0</controlfield>
  <datafield tag="012" ind1=" " ind2=" ">
    <subfield code="a">enum e-ro mar- Demi (C) 1578 (R)</subfield>
    <subfield code="2">fei</subfield>
  </datafield>
  <datafield tag="100" ind1=" " ind2=" ">
    <subfield code="a">19981212d1578        0itac0103    ba</subfield>
  </datafield>
  <datafield tag="101" ind1=" " ind2=" ">
    <subfield code="a">LAT</subfield>
  </datafield>
  <datafield tag="102" ind1=" " ind2=" ">
    <subfield code="a">IT</subfield>
  </datafield>
  <datafield tag="200" ind1="1" ind2=" ">
    <subfield code="a">Professio catholica m. Sebastiani Flaschii Mansfeldensis, non vulgaris eruditionis et authoritatis viri : vbi Lutheranam haeresin, in qua &amp; natus &amp;  ̉pueris institutus fuerat, libere abiurat, simulque abiurationis suae causas adducens, fucatam illius sectae naturam, &amp; dolos, quibus miseros deludit mortales, breuiter, &amp; accurate depingit</subfield>
  </datafield>
  <datafield tag="210" ind1=" " ind2=" ">
    <subfield code="a">Brixinae</subfield>
    <subfield code="c">Donatus Fetius excudebat</subfield>
    <subfield code="d">1578</subfield>
  </datafield>
  <datafield tag="215" ind1=" " ind2=" ">
    <subfield code="a">\22! c.</subfield>
    <subfield code="d">4ʻ</subfield>
  </datafield>
  <datafield tag="300" ind1=" " ind2=" ">
    <subfield code="a">Legata mediante il richiamo &quot;PRO&quot;, all&apos; edizione &quot;Philosophia Lutheranorum et omnium huius temporis haereticorum ...  Cracouiae : in officina Andreae Petricouien., 1588&quot; dell&apos;autore Martinus Pilsnensis.Nella base dati HPB del CERL, risulta un falso. Pertanto poich ̈legata ad un&apos;edizione straniera, viene eliminata</subfield>
  </datafield>
  <datafield tag="620" ind1=" " ind2=" ">
    <subfield code="a">IT</subfield>
    <subfield code="d">Bressanone</subfield>
  </datafield>
  <datafield tag="700" ind1=" " ind2="1">
    <subfield code="a">Flasch,</subfield>
    <subfield code="b">Sebastian</subfield>
    <subfield code="3">IT\ICCU\CNCA\011373</subfield>
  </datafield>
  <datafield tag="712" ind1="0" ind2="0">
    <subfield code="a">Fezzi, Donato</subfield>
    <subfield code="3">IT\ICCU\CNCT\000595</subfield>
    <subfield code="4">650</subfield>
  </datafield>
  <datafield tag="790" ind1=" " ind2="1">
    <subfield code="a">Flaschus,</subfield>
    <subfield code="b">Sebastianus</subfield>
    <subfield code="3">IT\ICCU\CNCA\022600</subfield>
    <subfield code="z">Flasch, Sebastian</subfield>
  </datafield>
  <datafield tag="791" ind1="0" ind2="0">
    <subfield code="a">Faetius, Donatus</subfield>
    <subfield code="3">IT\ICCU\CNCT\002715</subfield>
    <subfield code="z">Fezzi, Donato</subfield>
  </datafield>
  <datafield tag="791" ind1="0" ind2="0">
    <subfield code="a">Fetius, Donatus</subfield>
    <subfield code="3">IT\ICCU\CNCT\003799</subfield>
    <subfield code="z">Fezzi, Donato</subfield>
  </datafield>
  <datafield tag="791" ind1="0" ind2="0">
    <subfield code="a">Feccio, Donato</subfield>
    <subfield code="3">IT\ICCU\CNCT\003800</subfield>
    <subfield code="z">Fezzi, Donato</subfield>
  </datafield>
  <datafield tag="801" ind1=" " ind2="3">
    <subfield code="a">IT</subfield>
    <subfield code="b">ICCU</subfield>
    <subfield code="c">20201114</subfield>
  </datafield>
  <datafield tag="899" ind1=" " ind2=" ">
    <subfield code="a">Biblioteca universitaria Alessandrina. Roma</subfield>
    <subfield code="1">RM0280</subfield>
    <subfield code="2">RML 01</subfield>
  </datafield>
</record>
</collection>
